% This file was created with Citavi 5.5.0.1

@book{ABC.2013,
 author = {Nachname, Vorname},
 year = {2013},
 title = {F{\"u}r ein Beispiel},
 url = {http://content-select.com/index.php?id=bib_view&ean=9783407294524},
 keywords = {Beispiel},
 address = {Hamburg},
 edition = {6. {\"u}berarbeitete Auflage},
 publisher = {Publisher},
 shorttitle = {Beispieltitel}
}



@online{ABC.2017,
 author = {Nachname, Vorname},
 year = {2017},
 title = {Beispiel-Blogbeitrag},
 url = {https://google.com/},
 urldate = {2017-11-01},
 date = {2017-11-02},
 note = {Zugriff 7-11-03 000:02 MEZ},
 shorttitle = {Beispiel}
}
